<?xml version="1.0" encoding="UTF-8"?>
<record xmlns="http://www.loc.gov/MARC21/slim">
   <leader>01356cam a2200325 a 4500</leader>
   <controlfield tag="001">1544633</controlfield>
   <controlfield tag="003">NjP</controlfield>
   <controlfield tag="005">20190705143708.0</controlfield>
   <controlfield tag="008">971113q19501959ua            000 0 ara d</controlfield>
   <datafield tag="024" ind1="7" ind2=" ">
      <subfield code="a">princeton_aco003829</subfield>
      <subfield code="2">local</subfield>
   </datafield>
   <datafield ind1=" " ind2=" " tag="040">
      <subfield code="a">CUY</subfield>
      <subfield code="c">PUL</subfield>
      <subfield code="d">PUL</subfield>
   </datafield>
   <datafield ind1=" " ind2=" " tag="035">
      <subfield code="9">CEV1579TS</subfield>
   </datafield>
   <datafield ind1=" " ind2=" " tag="035">
      <subfield code="a">(NjP)1544633</subfield>
   </datafield>
   <datafield ind1="1" ind2=" " tag="041">
      <subfield code="a">ara</subfield>
      <subfield code="h">pal</subfield>
   </datafield>
   <datafield ind1=" " ind2=" " tag="049">
      <subfield code="a">PULL</subfield>
   </datafield>
   <datafield ind1=" " ind2=" " tag="035">
      <subfield code="a">(OCoLC)ocm37931307</subfield>
   </datafield>
   <datafield ind1="0" ind2=" " tag="130">
      <subfield code="a">Nāmah-ʹi Tansar bih Jushnasf.</subfield>
      <subfield code="l">Arabic</subfield>
   </datafield>
   <datafield ind1="1" ind2="0" tag="245">
      <subfield code="6">880-01</subfield>
      <subfield code="a">Kitāb Tansar :</subfield>
      <subfield code="b">Aqdam naṣṣ ʻan al-naẓm al-Farsīyah qabla al-Islām /</subfield>
      <subfield code="c">Naqalahu li-lughah al- ʻarabīyah Yahyá al-Khashshāb.</subfield>
   </datafield>
   <datafield ind1=" " ind2=" " tag="260">
      <subfield code="6">880-02</subfield>
      <subfield code="a">[Cairo] :</subfield>
      <subfield code="b">Jāmāʻat al-Azhar,</subfield>
      <subfield code="c">[195-?]</subfield>
   </datafield>
   <datafield ind1=" " ind2=" " tag="300">
      <subfield code="a">73 p.</subfield>
   </datafield>
   <datafield ind1=" " ind2="0" tag="650">
      <subfield code="a">Education of princes.</subfield>
      <subfield code="0">http://id.loc.gov/authorities/subjects/sh85041100</subfield>
   </datafield>
   <datafield ind1=" " ind2="0" tag="650">
      <subfield code="a">Ethics</subfield>
      <subfield code="z">Iran.</subfield>
      <subfield code="0">http://id.loc.gov/authorities/subjects/sh85045106</subfield>
   </datafield>
   <datafield ind1=" " ind2="0" tag="651">
      <subfield code="a">Iran</subfield>
      <subfield code="x">Civilization</subfield>
      <subfield code="y">To 640.</subfield>
      <subfield code="0">http://id.loc.gov/authorities/subjects/sh85067885</subfield>
   </datafield>
   <datafield ind1="1" ind2=" " tag="700">
      <subfield code="6">880-03</subfield>
      <subfield code="a">Khashshāb, Yaḥyá.</subfield>
   </datafield>
   <datafield ind1="1" ind2="0" tag="880">
      <subfield code="6">245-01/r</subfield>
      <subfield code="a">كتاب تنسر :</subfield>
      <subfield code="b">اقدم نص عن النظم الفرسية قبل الاسلام /</subfield>
      <subfield code="c">نقله للغة العربية يهيى الخشاب.</subfield>
   </datafield>
   <datafield ind1=" " ind2=" " tag="880">
      <subfield code="6">260-02/r</subfield>
      <subfield code="a">[القاهرة] :</subfield>
      <subfield code="b">جاماعة الازهر،</subfield>
      <subfield code="c">[195-؟]</subfield>
   </datafield>
   <datafield ind1="1" ind2=" " tag="880">
      <subfield code="6">700-03/r</subfield>
      <subfield code="a">خشاب، يحيى.</subfield>
   </datafield>
   <datafield ind1=" " ind2=" " tag="947">
      <subfield code="a">CEV1579</subfield>
   </datafield>
   <datafield ind1=" " ind2=" " tag="911">
      <subfield code="a">19990709</subfield>
   </datafield>
   <datafield ind1=" " ind2=" " tag="994">
      <subfield code="a">C0</subfield>
      <subfield code="b">PUL</subfield>
   </datafield>
   <datafield ind1=" " ind2=" " tag="999">
      <subfield code="a">1544633</subfield>
   </datafield>
   <datafield ind1=" " ind2=" " tag="979">
      <subfield code="a">(OCoLC)ocn177180884</subfield>
   </datafield>
   <datafield ind1="0" ind2="0" tag="852">
      <subfield code="0">1778585</subfield>
      <subfield code="b">rcppa</subfield>
      <subfield code="t">0</subfield>
      <subfield code="h">JC393</subfield>
      <subfield code="i">.N363 1950</subfield>
      <subfield code="x">tr fr clas</subfield>
   </datafield>
   <datafield ind1=" " ind2=" " tag="959">
      <subfield code="a">2000-06-13 00:00:00 -0400</subfield>
   </datafield>
</record>
